<record><leader>00000cas a22000007a 4500</leader><controlfield tag="001">43525780</controlfield><controlfield tag="008">000225c19999999tnudr ne      0   a0eng d</controlfield><datafield ind1=" " ind2=" " tag="010"><subfield code="a">sn 00063899 </subfield></datafield><datafield ind1=" " ind2=" " tag="040"><subfield code="a">TGN</subfield><subfield code="b">eng</subfield><subfield code="c">TGN</subfield><subfield code="d">DLC</subfield><subfield code="d">NSD</subfield><subfield code="d">OCLCQ</subfield><subfield code="d">OCLCF</subfield><subfield code="d">OCLCO</subfield></datafield><datafield ind1=" " ind2=" " tag="012"><subfield code="m">y</subfield></datafield><datafield ind1="1" ind2=" " tag="022"><subfield code="a">1552-2458</subfield><subfield code="l">1552-2458</subfield><subfield code="y">8750-6505</subfield><subfield code="2">1</subfield></datafield><datafield ind1="1" ind2=" " tag="029"><subfield code="a">AU@</subfield><subfield code="b">000021382297</subfield></datafield><datafield ind1=" " ind2=" " tag="032"><subfield code="a">065380</subfield><subfield code="b">USPS</subfield></datafield><datafield ind1=" " ind2=" " tag="037"><subfield code="b">Bristol herald courier, P.O. Box 609, 320 Morrison Blvd., Bristol, Va. 24203</subfield></datafield><datafield ind1=" " ind2=" " tag="042"><subfield code="a">nsdp</subfield><subfield code="a">msc</subfield></datafield><datafield ind1=" " ind2=" " tag="043"><subfield code="a">n-us-va</subfield><subfield code="a">n-us-tn</subfield></datafield><datafield ind1="1" ind2="0" tag="050"><subfield code="a">ISSN RECORD</subfield></datafield><datafield ind1="0" ind2=" " tag="130"><subfield code="a">Bristol herald courier (Bristol, Va./Tenn. : 1999 : Daily)</subfield></datafield><datafield ind1=" " ind2="0" tag="222"><subfield code="a">Bristol herald courier</subfield><subfield code="b">(Bristol, Va./Tenn. 1999. Daily)</subfield></datafield><datafield ind1="1" ind2="0" tag="245"><subfield code="a">Bristol herald courier.</subfield></datafield><datafield ind1="3" ind2="0" tag="246"><subfield code="a">Herald courier</subfield></datafield><datafield ind1=" " ind2=" " tag="260"><subfield code="a">Bristol, Va.-Tenn. :</subfield><subfield code="b">Virginia Newspapers Inc.,</subfield><subfield code="c">1999-</subfield></datafield><datafield ind1=" " ind2=" " tag="300"><subfield code="a">v.</subfield></datafield><datafield ind1=" " ind2=" " tag="310"><subfield code="a">Daily</subfield></datafield><datafield ind1="0" ind2=" " tag="362"><subfield code="a">127th year, no. 109 (Apr. 19, 1999)-</subfield></datafield><datafield ind1=" " ind2=" " tag="500"><subfield code="a">Published: Media General Operations Inc., &lt;Aug. 17, 2004-&gt;</subfield></datafield><datafield ind1=" " ind2=" " tag="588"><subfield code="a">Latest issue consulted: 132nd year, no. 230 (Aug. 17, 2004) (surrogate).</subfield></datafield><datafield ind1=" " ind2="0" tag="651"><subfield code="a">Bristol (Va.)</subfield><subfield code="v">Newspapers.</subfield></datafield><datafield ind1=" " ind2="0" tag="651"><subfield code="a">Bristol (Tenn.)</subfield><subfield code="v">Newspapers.</subfield></datafield><datafield ind1=" " ind2="0" tag="651"><subfield code="a">Washington County (Va.)</subfield><subfield code="v">Newspapers.</subfield></datafield><datafield ind1=" " ind2="0" tag="651"><subfield code="a">Sullivan County (Tenn.)</subfield><subfield code="v">Newspapers.</subfield></datafield><datafield ind1=" " ind2="7" tag="655"><subfield code="a">Newspapers.</subfield><subfield code="2">fast</subfield><subfield code="0">(OCoLC)fst01423814</subfield></datafield><datafield ind1=" " ind2="7" tag="651"><subfield code="a">Tennessee</subfield><subfield code="z">Bristol.</subfield><subfield code="2">fast</subfield><subfield code="0">(OCoLC)fst01216133</subfield></datafield><datafield ind1=" " ind2="7" tag="651"><subfield code="a">Tennessee</subfield><subfield code="z">Sullivan County.</subfield><subfield code="2">fast</subfield><subfield code="0">(OCoLC)fst01207171</subfield></datafield><datafield ind1=" " ind2="7" tag="651"><subfield code="a">Virginia</subfield><subfield code="z">Bristol.</subfield><subfield code="2">fast</subfield><subfield code="0">(OCoLC)fst01216132</subfield></datafield><datafield ind1=" " ind2="7" tag="651"><subfield code="a">Virginia</subfield><subfield code="z">Washington County.</subfield><subfield code="2">fast</subfield><subfield code="0">(OCoLC)fst01216168</subfield></datafield><datafield ind1=" " ind2=" " tag="752"><subfield code="a">United States</subfield><subfield code="b">Virginia</subfield><subfield code="c">Washington</subfield><subfield code="d">Bristol.</subfield></datafield><datafield ind1=" " ind2=" " tag="752"><subfield code="a">United States</subfield><subfield code="b">Tennessee</subfield><subfield code="c">Sullivan</subfield><subfield code="d">Bristol.</subfield></datafield><datafield ind1="0" ind2="0" tag="780"><subfield code="t">Bristol herald courier, Bristol Virginia-Tennessean</subfield><subfield code="x">8750-6505</subfield><subfield code="w">(DLC)sn 85000354</subfield><subfield code="w">(OCoLC)11619976</subfield></datafield></record>